<?xml version="1.0" encoding="UTF-8"?><record xmlns="http://www.loc.gov/MARC21/slim" xmlns:cinclude="http://apache.org/cocoon/include/1.0" xmlns:zs="http://www.loc.gov/zing/srw/">
  <leader>00568cz  a2200157n  4500</leader>
  <controlfield tag="001">n  78047835 </controlfield>
  <controlfield tag="003">DLC</controlfield>
  <controlfield tag="005">20120801075812.0</controlfield>
  <controlfield tag="008">780726n| aaannaab           |n aaa      </controlfield>
  <datafield tag="010" ind1=" " ind2=" ">
    <subfield code="a">n  78047835 </subfield>
  </datafield>
  <datafield tag="040" ind1=" " ind2=" ">
    <subfield code="a">DLC</subfield>
    <subfield code="b">eng</subfield>
    <subfield code="c">DLC</subfield>
    <subfield code="d">DLC</subfield>
  </datafield>
  <datafield tag="100" ind1="1" ind2=" ">
    <subfield code="a">Raven, G. H. M.</subfield>
  </datafield>
  <datafield tag="667" ind1=" " ind2=" ">
    <subfield code="a">THIS 1XX FIELD CANNOT BE USED UNDER RDA UNTIL THIS RECORD HAS BEEN REVIEWED AND/OR UPDATED</subfield>
  </datafield>
  <datafield tag="670" ind1=" " ind2=" ">
    <subfield code="a">His ArgentinieĚ, 1978:</subfield>
    <subfield code="b">t.p. (Drs. G. H. M. Raven) p. 2 (studied social geography, Univ. Utrecht)</subfield>
  </datafield>
  <datafield tag="670" ind1=" " ind2=" ">
    <subfield code="a">Ne 78-17</subfield>
    <subfield code="b">(Raven, G. H. M.)</subfield>
  </datafield>
  <datafield tag="675" ind1=" " ind2=" ">
    <subfield code="a">WW Netherl., 1962-63;</subfield>
    <subfield code="a">Lect.-rep., 1966.</subfield>
  </datafield>
</record>